@misc{ wiki:eqm,
  author = "Wikipedie",
  title = "Pohybová rovnice --- Wikipedie: Otevřená encyklopedie",
  year = "2018",
  url = "\url{https://cs.wikipedia.org/w/index.php?title=Pohybov%C3%A1_rovnice&oldid=16695434}",
  note = "[Online; navštíveno 28. 11. 2018]"
}
